<record xmlns='http://www.loc.gov/MARC21/slim'><leader>01387cam a2200325 a 4500</leader><controlfield tag='001'>4464657</controlfield><controlfield tag='005'>20130826121153.0</controlfield><controlfield tag='007'>hd afa090bacp</controlfield><controlfield tag='007'>hd bfa090baap</controlfield><controlfield tag='007'>hd bfa090babp</controlfield><controlfield tag='008'>080820s2008    xnaac   a     000 0beng  </controlfield><datafield ind1=' ' ind2=' ' tag='035'><subfield code='a'>4464657</subfield></datafield><datafield ind1=' ' ind2=' ' tag='037'><subfield code='b'>Available from Preservation Reformatting Unit, National Library of Australia, Canberra ACT 2600</subfield><subfield code='c'>Price on application.</subfield></datafield><datafield ind1=' ' ind2=' ' tag='040'><subfield code='a'>ANL</subfield><subfield code='b'>eng</subfield></datafield><datafield ind1=' ' ind2=' ' tag='042'><subfield code='a'>anuc</subfield></datafield><datafield ind1=' ' ind2=' ' tag='043'><subfield code='a'>a-cc---</subfield></datafield><datafield ind1='1' ind2=' ' tag='100'><subfield code='a'>Morrison, Eliza A.</subfield></datafield><datafield ind1='1' ind2='0' tag='245'><subfield code='a'>Memoirs of the life and labours of Robert Morrison</subfield><subfield code='h'>[microform] /</subfield><subfield code='c'>compiled by his widow ; with critical notices of his Chinese works by Samuel Kidd.</subfield></datafield><datafield ind1=' ' ind2=' ' tag='260'><subfield code='a'>London :</subfield><subfield code='b'>Longman, Orme, Brown and Longmans,</subfield><subfield code='c'>1839.</subfield></datafield><datafield ind1=' ' ind2=' ' tag='300'><subfield code='a'>2 v. :</subfield><subfield code='b'>ill., port. ;</subfield><subfield code='c'>22 cm.</subfield></datafield><datafield ind1=' ' ind2=' ' tag='533'><subfield code='a'>Microfilm.</subfield><subfield code='b'>Balgowlah, N.S.W. :</subfield><subfield code='c'>W &amp; F Pascoe ;</subfield><subfield code='c'>available from National Library of Australia,</subfield><subfield code='d'>2008.</subfield><subfield code='e'>2 reels ; 35 mm.</subfield></datafield><datafield ind1='1' ind2='0' tag='600'><subfield code='a'>Morrison, Robert,</subfield><subfield code='d'>1782-1834.</subfield></datafield><datafield ind1=' ' ind2='0' tag='650'><subfield code='a'>Missionaries</subfield><subfield code='z'>China</subfield><subfield code='v'>Biography.</subfield></datafield><datafield ind1=' ' ind2='0' tag='650'><subfield code='a'>Missions</subfield><subfield code='z'>China</subfield><subfield code='x'>History</subfield><subfield code='y'>19th century.</subfield></datafield><datafield ind1=' ' ind2='0' tag='650'><subfield code='a'>Missions, British</subfield><subfield code='z'>China</subfield><subfield code='z'>Guangzhou</subfield><subfield code='x'>History</subfield><subfield code='y'>19th century.</subfield></datafield><datafield ind1=' ' ind2='0' tag='651'><subfield code='a'>Guangzhou (China)</subfield><subfield code='x'>Church history</subfield><subfield code='y'>19th century.</subfield></datafield><datafield ind1='1' ind2=' ' tag='700'><subfield code='a'>Kidd, Samuel,</subfield><subfield code='d'>1804-1843.</subfield></datafield><datafield ind1='1' ind2=' ' tag='700'><subfield code='a'>Morrison, Robert,</subfield><subfield code='d'>1782-1834.</subfield></datafield><datafield ind1='2' ind2=' ' tag='710'><subfield code='a'>National Library of Australia.</subfield></datafield><datafield ind1=' ' ind2=' ' tag='936'><subfield code='a'>Microfilmed with the generous support of Dr Diana Carroll.</subfield></datafield></record>